@book{Crank1975,
   author = {Crank, J.},
   title = {The Mathematics of Diffusion},
   publisher = {Clarendon Press},
   series = {Oxford science publications},
   ISBN = {9780198534112},
   year = {1975},
   type = {Book}
}

@article{Lapidus1952,
   author = {Lapidus, Leon and Amundson, Neal R.},
   title = {Mathematics of Adsorption in Beds. VI. The Effect of Longitudinal Diffusion in Ion Exchange and Chromatographic Columns},
   journal = {The Journal of Physical Chemistry},
   volume = {56},
   number = {8},
   pages = {984-988},
   ISSN = {0022-3654},
   DOI = {10.1021/j150500a014},
   url = {http://dx.doi.org/10.1021/j150500a014},
   year = {1952},
   type = {Journal Article}
}

@article{Lindstrom1967,
   author = {Lindstrom, Fredrick T. and Haque, Rizwanul and Freed, Virgil H. and Boersma, Larry},
   title = {The movement of some herbicides in soils. Linear diffusion and convection of chemicals in soils},
   journal = {Environmental Science \& Technology},
   volume = {1},
   number = {7},
   pages = {561-565},
   ISSN = {0013-936X},
   DOI = {10.1021/es60007a001},
   url = {http://dx.doi.org/10.1021/es60007a001
http://pubs.acs.org/doi/abs/10.1021/es60007a001},
   year = {1967},
   type = {Journal Article}
}

@techreport{Ogata1961,
   author = {Ogata, Akio and Banks, R. B.},
   title = {A solution of the differential equation of longitudinal dispersion in porous media},
   number = {411A},
   type = {Report},
   url = {http://pubs.er.usgs.gov/publication/pp411A},
   year = {1961},
   type = {Report}
}

@book{Zheng2002,
   author = {Zheng, C. and Bennett, G.D.},
   title = {Applied Contaminant Transport Modeling},
   publisher = {Wiley},
   ISBN = {9780471384779},
   year = {2002},
   type = {Book}
}

